%% This BibTeX bibliography file was created using BibDesk.
%% https://bibdesk.sourceforge.io/

%% Created for Benjamin Bloem-Reddy at 2019-10-18 14:42:02 -0700 


%% Saved with string encoding Unicode (UTF-8) 

@misc{Hazan,
  author        = {Elad Hazen},
  title         = {THEORETICAL MACHINE LEARNING (COS511: LECTURE #1},
  month         = {2},
  year          = {2015},
  publisher     = {Princeton University},
  Bdsk-Url-1 = {https://www.cs.princeton.edu/courses/archive/spring15/cos511/notes/lec1.pdf}
}

@misc{Awasthi:1,
  author        = {Pranjal Awasthi},
  title         = {CS 598: Theoretical Machine Learning: LECTURE #1},
  month         = {9},
  year          = {2017},
  publisher     = {Rutgers University},
  Bdsk-Url-1 = {https://www.cs.rutgers.edu/~pa336/mlt_f17/lec-1.pdf}
}

@misc{Liang:2016,
  author        = {Percy Liang},
  title         = {CS229T/STAT231: Statistical Learning Theory (Winter 2016)
},
  pages = {51},
  Date-Modified = {2016-04-20 01:36},
  publisher     = {Stanford University},
  Bdsk-Url-1 = {https://web.stanford.edu/class/cs229t/notes.pdf}
}


@misc{Awasthi:3,
  author        = {Pranjal Awasthi},
  title         = {CS 598: Theoretical Machine Learning: LECTURE #3},
  month         = {9},
  year          = {2017},
  publisher     =  {Rutgers University},
  Bdsk-Url-1 = {https://www.cs.rutgers.edu/~pa336/mlt_f17/lec-3.pdf}
}

@misc{Nowak,
  author        = {Robert D. Nowak},
  title         = {ECE901 Spring 2007 Statistical Learning Theory: Lecture 7: Chernoff’s Bound and Hoeffding’s Inequality},
  year          = {2007},
  publisher={University of Wisconsin-Madison},
  Bdsk-Url-1 = {https://nowak.ece.wisc.edu/SLT07/lecture7.pdf}
}

@misc{Siebes,
  author        = {Arno Siebes},
  title         = {PAC Learning and the VC Dimension},
  publisher={Universiteit Utrecht},
  Bdsk-Url-1 = {http://www.cs.uu.nl/docs/vakken/mbd/slides/PAC-and-VC.pdf}
}













